<record><leader>00000cas a2200000 a 4500</leader><controlfield tag="001">33287894</controlfield><controlfield tag="008">951012d19461949iluwr ne      0   a0eng c</controlfield><datafield ind1=" " ind2=" " tag="010"><subfield code="a">  2009271118</subfield></datafield><datafield ind1=" " ind2=" " tag="040"><subfield code="a">JAF</subfield><subfield code="b">eng</subfield><subfield code="c">JAF</subfield><subfield code="d">OCLCQ</subfield><subfield code="d">NVF</subfield><subfield code="d">OCLCQ</subfield><subfield code="d">OCLCF</subfield><subfield code="d">OCLCO</subfield><subfield code="d">NVF</subfield><subfield code="d">OCLCO</subfield><subfield code="d">OCL</subfield></datafield><datafield ind1=" " ind2=" " tag="042"><subfield code="a">pcc</subfield></datafield><datafield ind1=" " ind2=" " tag="043"><subfield code="a">n-us-il</subfield></datafield><datafield ind1="0" ind2=" " tag="130"><subfield code="a">Galesburg Illini (Galesburg, Ill. : Weekly)</subfield></datafield><datafield ind1="1" ind2="4" tag="245"><subfield code="a">The Galesburg Illini.</subfield></datafield><datafield ind1=" " ind2=" " tag="260"><subfield code="a">Galesburg, Ill. :</subfield><subfield code="b">Galesburg Undergraduate Division, University of Illinois,</subfield><subfield code="c">1946-1949.</subfield></datafield><datafield ind1=" " ind2=" " tag="300"><subfield code="a">v.</subfield></datafield><datafield ind1=" " ind2=" " tag="310"><subfield code="a">Weekly</subfield></datafield><datafield ind1="0" ind2=" " tag="362"><subfield code="a">Vol. 1, no. 1 (Nov. 15, 1946)-v. 3, no. 24 (May 20, 1949).</subfield></datafield><datafield ind1="2" ind2="0" tag="610"><subfield code="a">Galesburg State Research Hospital (Galesburg, Ill.)</subfield><subfield code="v">Newspapers.</subfield></datafield><datafield ind1="2" ind2="0" tag="610"><subfield code="a">Galesburg Mental Health Center (Galesburg, Ill.)</subfield><subfield code="v">Newspapers.</subfield></datafield><datafield ind1=" " ind2="0" tag="650"><subfield code="a">Mental health facilities</subfield><subfield code="z">Illinois</subfield><subfield code="z">Galesburg</subfield><subfield code="v">Newspapers.</subfield></datafield><datafield ind1=" " ind2="0" tag="650"><subfield code="a">Psychiatric hospitals</subfield><subfield code="z">Illinois</subfield><subfield code="z">Galesburg</subfield><subfield code="v">Newspapers.</subfield></datafield><datafield ind1=" " ind2="0" tag="651"><subfield code="a">Galesburg (Ill.)</subfield><subfield code="v">Newspapers.</subfield></datafield><datafield ind1=" " ind2="7" tag="655"><subfield code="a">Newspapers.</subfield><subfield code="2">fast</subfield><subfield code="0">(OCoLC)fst01423814</subfield></datafield><datafield ind1="2" ind2="7" tag="610"><subfield code="a">Galesburg Mental Health Center (Galesburg, Ill.)</subfield><subfield code="2">fast</subfield><subfield code="0">(OCoLC)fst01635771</subfield></datafield><datafield ind1="2" ind2="7" tag="610"><subfield code="a">Galesburg State Research Hospital (Galesburg, Ill.)</subfield><subfield code="2">fast</subfield><subfield code="0">(OCoLC)fst01636152</subfield></datafield><datafield ind1=" " ind2="7" tag="650"><subfield code="a">Mental health facilities.</subfield><subfield code="2">fast</subfield><subfield code="0">(OCoLC)fst01016414</subfield></datafield><datafield ind1=" " ind2="7" tag="650"><subfield code="a">Psychiatric hospitals.</subfield><subfield code="2">fast</subfield><subfield code="0">(OCoLC)fst01081047</subfield></datafield><datafield ind1=" " ind2="7" tag="651"><subfield code="a">Illinois</subfield><subfield code="z">Galesburg.</subfield><subfield code="2">fast</subfield><subfield code="0">(OCoLC)fst01202787</subfield></datafield><datafield ind1=" " ind2=" " tag="752"><subfield code="a">United States</subfield><subfield code="b">Illinois</subfield><subfield code="c">Knox</subfield><subfield code="d">Galesburg.</subfield></datafield></record>